@MISC{latexcookbook2007,
  author = {{Markus.Porto - Uni Giessen}},
  title = {Kochbuch f√ºr Latex},
  howpublished = {\url{http://www.uni-giessen.de/hrz/tex/cookbook/cookbook.html} (3.~}
	# apr # { 2007)},
  owner = {aubrey},
  timestamp = {2007.04.03}  
}

@INPROCEEDINGS{capacity2003,
  author = {Ira S. Moskowitz and Richard E. Newman and Daniel P. Crepeau and
	Allen R. Miller},
  title = {Covert channels and anonymizing networks},
  booktitle = {WPES '03: Proceedings of the 2003 ACM workshop on Privacy in the
	electronic society},
  year = {2003},
  pages = {79--88},
  address = {New York, NY, USA},
  publisher = {ACM Press},
  doi = {http://doi.acm.org/10.1145/1005140.1005153},
  isbn = {1-58113-776-1},
  location = {Washington, DC}
}

@INPROCEEDINGS{oberheide:2008:cloudav,
  author = {Jon Oberheide and Evan Cooke and Farnam Jahanian},
  title = {CloudAV: N-Version Antivirus in the Network Cloud},
  booktitle = {Proceedings of the 17th USENIX Security Symposium (Security'08)},
  year = {2008},
  address = {San Jose, CA},
  month = {July},
  file = {cloudav-usenix08.pdf:cloudav-usenix08.pdf:PDF},
  keywords = {aubrey malware detection},
  owner = {aubrey},
  timestamp = {2008.08.13}
}

@article{cvis_article_one,
author = {Zhang, Yuzhuo and Cao, Yuan and Wen, Yinghong and Liang, Liang and Zou, Feng},
title = {Optimization of Information Interaction Protocols in Cooperative Vehicle-Infrastructure Systems},
journal = {Chinese Journal of Electronics},
volume = {27},
number = {2},
pages = {439-444},
doi = {https://doi.org/10.1049/cje.2017.10.009},
url = {https://ietresearch.onlinelibrary.wiley.com/doi/abs/10.1049/cje.2017.10.009},
year = {2018}
}

@article{cvis_article_two,  
    author = {Tian, Daxin and Zhang, Chuang and Duan, Xuting and Wang, Xixian},  
    journal = {IEEE Access},   
    title = {An Automatic Car Accident Detection Method Based on Cooperative Vehicle Infrastructure Systems},   
    year  ={2019},  
    volume = {7},  
    pages = {127453-127463},
    doi = {10.1109/ACCESS.2019.2939532}}